@article{bunea2007,
author = "Bunea, Florentina and Tsybakov, Alexandre B. and Wegkamp, Marten H.",
journal = "Ann. Statist.",
month = "08",
number = "4",
pages = "1674--1697",
title = "Aggregation for Gaussian regression",
volume = "35",
year = "2007"
}

@article {SPADES,
    AUTHOR = {Bunea, Florentina and Tsybakov, Alexandre B. and Wegkamp,
              Marten H. and Barbu, Adrian},
     TITLE = {Spades and mixture models},
   JOURNAL = {Ann. Statist.},
  FJOURNAL = {The Annals of Statistics},
    VOLUME = {38},
      YEAR = {2010},
    NUMBER = {4},
     PAGES = {2525--2558},
  MRNUMBER = {2676897},
}


@book{vandeGeer2016,
author="van de Geer, Sara",
title="Estimation and Testing Under Sparsity: {\'E}cole d'{\'E}t{\'e} de Probabilit{\'e}s de Saint-Flour XLV -- 2015",
year="2016",
publisher="Springer International Publishing",
pages="133--137",
}

@techreport{Butucea1,
     author = {{Butucea}, C. and {Delmas}, J.-F. and {Dutfoy}, A. and {Fischer}, R.},
      title = "{Optimal exponential bounds for aggregation of estimators for the Kullback-Leibler loss}",
Institution = {arXiv:1601.05686},
       year = 2016,
      month = jan,
    Pages = {1-25},
}

@article {Yang2000,
    AUTHOR = {Yang, Yuhong},
     TITLE = {Mixing strategies for density estimation},
   JOURNAL = {Ann. Statist.},
  FJOURNAL = {The Annals of Statistics},
    VOLUME = {28},
      YEAR = {2000},
    NUMBER = {1},
     PAGES = {75--87},
  MRNUMBER = {1762904},
}

@techreport{Bellec2014,
   author = {{Bellec}, P.~C.},
    title = "{Optimal exponential bounds for aggregation of density estimators}",
Institution = "arXiv:1405.3907",
     year = 2014,
    month = may,
}

@techreport{BDGP,
  Author = {Pierre C. Bellec and Arnak S. Dalalyan and Edwin Grappin and Quentin Paris},
  Institution = "{arXiv:1606.06179}",
  Month = {June},
  Pages = {1-25},
  Title = {On the prediction loss of the lasso in the partially labeled setting},
  Year = {2016}
}

@techreport{Catoni97,
      author        = "Catoni, O",
      title         = "The Mixture Approach To Universal Model Selection",
      year          = "1997",
      url           = "http://cds.cern.ch/record/461892",
}

@article {JRT,
    AUTHOR = {Juditsky, A. and Rigollet, P. and Tsybakov, A. B.},
     TITLE = {Learning by mirror averaging},
   JOURNAL = {Ann. Statist.},
  FJOURNAL = {The Annals of Statistics},
    VOLUME = {36},
      YEAR = {2008},
    NUMBER = {5},
     PAGES = {2183--2206},
  MRNUMBER = {2458184},
}

@article {YNTV,
    AUTHOR = {Yuditski{\u\i}, A. B. and Nazin, A. V. and Tsybakov, A. B. and
              Vayatis, N.},
     TITLE = {Recursive aggregation of estimators by the mirror descent
              method with averaging},
   JOURNAL = {Problemy Peredachi Informatsii},
  FJOURNAL = {Rossi\u\i skaya Akademiya Nauk. Problemy Peredachi
              Informatsii},
    VOLUME = {41},
      YEAR = {2005},
    NUMBER = {4},
     PAGES = {78--96},
  MRNUMBER = {2198228},
}

@article {DT12a,
    AUTHOR = {Dalalyan, Arnak S. and Tsybakov, Alexandre B.},
     TITLE = {Mirror averaging with sparsity priors},
   JOURNAL = {Bernoulli},
  FJOURNAL = {Bernoulli. Official Journal of the Bernoulli Society for
              Mathematical Statistics and Probability},
    VOLUME = {18},
      YEAR = {2012},
    NUMBER = {3},
     PAGES = {914--944},
  MRNUMBER = {2948907},
}

@article {Dai,
    AUTHOR = {Dai, Dong and Rigollet, Philippe and Zhang, Tong},
     TITLE = {Deviation optimal learning using greedy {$Q$}-aggregation},
   JOURNAL = {Ann. Statist.},
  FJOURNAL = {The Annals of Statistics},
    VOLUME = {40},
      YEAR = {2012},
    NUMBER = {3},
     PAGES = {1878--1905},
  MRNUMBER = {3015047},
}

@article {Rigollet12,
    AUTHOR = {Rigollet, Philippe},
     TITLE = {Kullback-{L}eibler aggregation and misspecified generalized
              linear models},
   JOURNAL = {Ann. Statist.},
  FJOURNAL = {The Annals of Statistics},
    VOLUME = {40},
      YEAR = {2012},
    NUMBER = {2},
     PAGES = {639--665},
  MRNUMBER = {2933661},
}
  
@article {RT7,
    AUTHOR = {Rigollet, Ph. and Tsybakov, A. B.},
     TITLE = {Linear and convex aggregation of density estimators},
   JOURNAL = {Math. Methods Statist.},
  FJOURNAL = {Mathematical Methods of Statistics},
    VOLUME = {16},
      YEAR = {2007},
    NUMBER = {3},
     PAGES = {260--280},
  MRNUMBER = {2356821},
}

@article {Lounici7,
    AUTHOR = {Lounici, K.},
     TITLE = {Generalized mirror averaging and {$D$}-convex aggregation},
   JOURNAL = {Math. Methods Statist.},
  FJOURNAL = {Mathematical Methods of Statistics},
    VOLUME = {16},
      YEAR = {2007},
    NUMBER = {3},
     PAGES = {246--259},
  MRNUMBER = {2356820},
}

@inproceedings{TsybICM,
  Author = {Alexandre B. Tsybakov},
  Booktitle = {Proceedings of the International Congress of Mathematicians (Seoul, August 2014)},
  Pages = {225--246},
    Volume = {3},
  Title = {Aggregation and minimax optimality in high-dimensional estimation},
  Year = {2014}
}

@article {Rakhlin5,
    AUTHOR = {Rakhlin, Alexander and Panchenko, Dmitry and Mukherjee, Sayan},
     TITLE = {Risk bounds for mixture density estimation},
   JOURNAL = {ESAIM Probab. Stat.},
  FJOURNAL = {ESAIM. Probability and Statistics},
    VOLUME = {9},
      YEAR = {2005},
     PAGES = {220--229},
  MRNUMBER = {2148968},
}

@article {Bertin,
    AUTHOR = {Bertin, K. and Le Pennec, E. and Rivoirard, V.},
     TITLE = {Adaptive {D}antzig density estimation},
   JOURNAL = {Ann. Inst. Henri Poincar\'e Probab. Stat.},
  FJOURNAL = {Annales de l'Institut Henri Poincar\'e Probabilit\'es et
              Statistiques},
    VOLUME = {47},
      YEAR = {2011},
    NUMBER = {1},
     PAGES = {43--74},
  MRNUMBER = {2779396},
}

@inproceedings{LiB99,
  author    = {Jonathan Q. Li and
               Andrew R. Barron},
  title     = {Mixture Density Estimation},
  booktitle = {Advances in Neural Information Processing Systems 12},
  pages     = {279--285},
  year      = {1999},
}

@phdthesis{Li99,
  author    = {Jonathan Q. Li},
  title     = {Estimation of Mixture Models},
  type      = {PhD Thesis},
  year      = {1999},
  SCHOOL    = {{Yale University}},
}

@inproceedings{Tsybakov03,
  author    = {Alexandre B. Tsybakov},
  title     = {Optimal Rates of Aggregation},
  booktitle = {Computational Learning Theory and Kernel Machines, COLT/Kernel, Proceedings},
  pages     = {303--313},
  year      = {2003},
}

@article {Xia16,
    AUTHOR = {Xia, Dong and Koltchinskii, Vladimir},
     TITLE = {Estimation of low rank density matrices: {B}ounds in
              {S}chatten norms and other distances},
   JOURNAL = {Electron. J. Stat.},
  FJOURNAL = {Electronic Journal of Statistics},
    VOLUME = {10},
      YEAR = {2016},
    NUMBER = {2},
     PAGES = {2717--2745},
  MRNUMBER = {3546973},
}

@article{Koltchinskii2016,
  author="V. Koltchinskii and K. Lounici and A. B. Tsybakov",
  title="NUCLEAR-NORM PENALIZATION AND OPTIMAL RATES FOR NOISY LOW-RANK MATRIX COMPLETION
  ",
  journal="Annals of Statistics",
  year="2016",
}

@book{LedouxTal:91,
    address = "Berlin",
    author = "Ledoux, Michel and Talagrand, Michel",
    publisher = "Springer",
    title = "Probability in Banach Spaces: isoperimetry and processes",
    year = "1991"
}
@book{boucheron2013concentration,
  title="Concentration Inequalities: A Nonasymptotic Theory of Independence",
  author="Boucheron, S. and Lugosi, G. and Massart, P.",
  isbn="9780199535255",
  lccn="2012277339",
  year="2013",
  publisher="OUP Oxford"
}
@article{van2007deterministic,
  title="The Deterministic Lasso",
  author="Van de Geer, S.",
  year="2007",
  publisher={Seminar f{\"u}r Statistik, Eidgen{\"o}ssische Technische Hochschule (ETH) Z{\"u}rich}
}
@book{garling2007inequalities188,
  title={Inequalities: A Journey into Linear Analysis},
  author={Garling, D.J.H.},
  isbn={9781139465144},
  year={2007},
  publisher={Cambridge University Press},
  pages=188
}

@book{bookBuhlman2011,
  Author = {B{\"u}hlmann, Peter and van de Geer, Sara},
  Mrnumber = {2807761},
  Note = {Methods, theory and applications},
  Publisher = {Springer, Heidelberg},
  Series = {Springer Series in Statistics},
  Title = {Statistics for high-dimensional data},
  Year = {2011}
}

@article{VandeGeerConditionLasso09,
  Author = {van de Geer, Sara and B{\"u}hlmann, Peter},
  Fjournal = {EJS},
  Journal = {Electron. J. Stat.},
  Pages = {1360--1392},
  Title = {On the conditions used to prove oracle results for the {L}asso},
  Volume = {3},
  Year = {2009}}

@article {Lecue06,
    AUTHOR = {Lecu{\'e}, Guillaume},
     TITLE = {Lower bounds and aggregation in density estimation},
   JOURNAL = {J. Mach. Learn. Res.},
  FJOURNAL = {Journal of Machine Learning Research (JMLR)},
    VOLUME = {7},
      YEAR = {2006},
     PAGES = {971--981},
  MRNUMBER = {2274393},
}

@article {Lecue13,
    AUTHOR = {Lecu{\'e}, Guillaume},
     TITLE = {Empirical risk minimization is optimal for the convex
              aggregation problem},
   JOURNAL = {Bernoulli},
  FJOURNAL = {Bernoulli. Official Journal of the Bernoulli Society for
              Mathematical Statistics and Probability},
    VOLUME = {19},
      YEAR = {2013},
    NUMBER = {5B},
     PAGES = {2153--2166},
  MRNUMBER = {3160549},
}

@article {LecueMend13,
    AUTHOR = {Lecu{\'e}, Guillaume and Mendelson, Shahar},
     TITLE = {On the optimality of the empirical risk minimization procedure
              for the convex aggregation problem},
   JOURNAL = {Ann. Inst. Henri Poincar\'e Probab. Stat.},
  FJOURNAL = {Annales de l'Institut Henri Poincar\'e Probabilit\'es et
              Statistiques},
    VOLUME = {49},
      YEAR = {2013},
    NUMBER = {1},
     PAGES = {288--306},
  MRNUMBER = {3060158},
}

@article{Juditski00,
 author = {Anatoli Juditsky and Arkadii Nemirovski},
 journal = {The Annals of Statistics},
 number = {3},
 pages = {681-712},
 publisher = {Institute of Mathematical Statistics},
 title = {Functional Aggregation for Nonparametric Regression},
 volume = {28},
 year = {2000}
}

@book {KoltBook2011,
    AUTHOR = {Koltchinskii, Vladimir},
     TITLE = {Oracle inequalities in empirical risk minimization and sparse
              recovery problems},
    SERIES = {Lecture Notes in Mathematics},
    VOLUME = {2033},
      NOTE = {Lectures from the 38th Probability Summer School held in
              Saint-Flour, 2008},
 PUBLISHER = {Springer},
      YEAR = {2011},
  MRNUMBER = {2829871},
}

@article {RT11,
    AUTHOR = {Rigollet, Philippe and Tsybakov, Alexandre},
     TITLE = {Exponential screening and optimal rates of sparse estimation},
   JOURNAL = {Ann. Statist.},
  FJOURNAL = {The Annals of Statistics},
    VOLUME = {39},
      YEAR = {2011},
    NUMBER = {2},
     PAGES = {731--771},
  MRNUMBER = {2816337},
}

@phdthesis{rigollet:these,
  TITLE = {{Oracle inequalities, aggregation and adaptation}},
  AUTHOR = {Rigollet, Philippe},
  SCHOOL = {{Universit{\'e} Pierre et Marie Curie - Paris VI}},
  YEAR = {2006},
  MONTH = Nov,
  TYPE = {PhD Thesis},
}

@article {Wang14,
    AUTHOR = {Wang, Zhan and Paterlini, Sandra and Gao, Fuchang and Yang,
              Yuhong},
     TITLE = {Adaptive minimax regression estimation over sparse {$\ell_q$}-hulls},
   JOURNAL = {J. Mach. Learn. Res.},
  FJOURNAL = {Journal of Machine Learning Research (JMLR)},
    VOLUME = {15},
      YEAR = {2014},
     PAGES = {1675--1711},
  MRNUMBER = {3225246},
}

@article {Rask11,
    AUTHOR = {Raskutti, Garvesh and Wainwright, Martin J. and Yu, Bin},
     TITLE = {Minimax rates of estimation for high-dimensional linear
              regression over {$\ell_q$}-balls},
   JOURNAL = {IEEE Trans. Inform. Theory},
  FJOURNAL = {Institute of Electrical and Electronics Engineers.
              Transactions on Information Theory},
    VOLUME = {57},
      YEAR = {2011},
    NUMBER = {10},
     PAGES = {6976--6994},
  MRNUMBER = {2882274},
}


@book{tsybakov2009Nonparametric,
  title={Introduction to Nonparametric Estimation},
  author={Tsybakov, A.B.},
  isbn={9780387790510},
  series={Springer Series in Statistics},
  year={2009},
  publisher={Springer}
}

@article{RT11,
author = "Rigollet, Philippe and Tsybakov, Alexandre",
doi = "10.1214/10-AOS854",
fjournal = "The Annals of Statistics",
journal = "Ann. Statist.",
month = "04",
number = "2",
pages = "731--771",
publisher = "The Institute of Mathematical Statistics",
title = "Exponential Screening and optimal rates of sparse estimation",
url = "http://dx.doi.org/10.1214/10-AOS854",
volume = "39",
year = "2011"
}


@article{dempster77,
  author="A. P. Dempster and N. M. Laird and D. B. Rubin",
  title="Maximum Likelihood from Incomplete Data via the EM Algorithm",
  journal="Journal of the Royal Statistical Society. Series B (Methodological)",
  volume="39, No. 1",
  pages="1-38",
  year="1977",
}

@book{Bishop,
 author = {Bishop, Christopher M.},
 title = {Pattern Recognition and Machine Learning (Information Science and Statistics)},
 year = {2006},
 isbn = {0387310738},
 publisher = {Springer-Verlag New York, Inc.},
 address = {Secaucus, NJ, USA},
}

@article{glasso07,
  author="J. Friedman and T. Hastie and R. Tibshirani",
  title="Sparse inverse covariance estimation with the graphical lasso",
  journal="Biostatistics",
  year="2007",
}

@article{mazum_lasso,
  author="R. Mazumder",
  title="Topics in sparse multivariate statistics (Thesis)",
  year="2012",
}

@article{banerjee,
  author="O. Banerjee and L. El Ghaoui and A. d’Aspremont",
  title="Model Selection Through Sparse Maximum Likelihood Estimation for Multivariate Gaussian or Binary Data",
  journal="Journal of Machine Learning Research",
  year="2008",
}
@article{cvxpy,
  author  = {Steven Diamond and Stephen Boyd},
  title   = {{CVXPY}: A {P}ython-Embedded Modeling Language for Convex Optimization},
  journal = {Journal of Machine Learning Research},
  year    = {2016},
  volume  = {17},
  number  = {83},
  pages   = {1--5},
}